<?xml version="1.0" encoding="UTF-8"?><collection xmlns="http://www.loc.gov/MARC21/slim"><record><leader>00487nam--2200169-i-4500</leader><controlfield tag="001">000025920</controlfield><controlfield tag="002">20161230</controlfield><controlfield tag="005">20170126011044</controlfield><controlfield tag="008">060222s1000------------r-----000-0-eng-d</controlfield><datafield ind1=" " ind2=" " tag="100"><subfield code="a">Kallen, Gunnar</subfield></datafield><datafield ind1=" " ind2=" " tag="245"><subfield code="a">On the mathematical structure of t.d.lee`s model of a renormalizable field theory</subfield></datafield><datafield ind1=" " ind2=" " tag="260"><subfield code="a">Kobenhavn</subfield><subfield code="b">Ejnar Munksgaard</subfield><subfield code="c">1955</subfield></datafield><datafield ind1=" " ind2=" " tag="300"><subfield code="a">23 p</subfield></datafield><datafield ind1=" " ind2=" " tag="490"><subfield code="a">Kgl.Dan.Vid.Selsk.Mat.Fys.Medd</subfield></datafield><datafield ind1=" " ind2=" " tag="700"><subfield code="a">Pauli, Wolfgang</subfield></datafield><datafield ind1=" " ind2=" " tag="852"><subfield code="a">5572</subfield></datafield><datafield ind1=" " ind2=" " tag="CAT"><subfield code="a">SYS</subfield><subfield code="c">20170126</subfield><subfield code="h">011044</subfield></datafield></record></collection>